@misc{KICS2020SUMMER,
  author       = {Lee, Gwonhak and Rhee, June-Koo Kevin},
  title        = {Singlet Unitary Coupled Cluster for Variational Quantum Chemistry Simulation},
  howpublished = {Talk presented at the Korean Institute of Communications and Information Sciences (KICS) 2020 Summer Conference},
  year         = {2020},
  month        = {Aug},
  note         = {Oral presentation, Pyeongchang, South Korea}
}

@misc{KICS2021WINTER,
  author       = {Lee, Gwonhak and Rhee, June-Koo Kevin},
  title        = {Physical Qubit Coupled Cluster for Quantum Chemistry Simulation},
  howpublished = {Talk presented at the Korean Institute of Communications and Information Sciences (KICS) 2021 Winter Conference},
  year         = {2021},
  month        = {Feb},
  note         = {Oral presentation, Pyeongchang, South Korea}
}

@misc{ICQC2022,
  author       = {Lee, Gwonhak and Chung, You Kyoung and Huh, Joonsuk},
  title        = {A Chemistry Application of Krylov Subspace Diagonalization based on Quantum Power Method},
  howpublished = {Talk presented at the International Conference on Quantum Computing (ICQC) 2022},
  year         = {2022},
  month        = {Jun},
  note         = {Poster presentation, Seoul, South Korea. \textbf{Received Best Presentation Award}}
}

@misc{OPC2022,
  author       = {Lee, Gwonhak and Chung, You Kyoung and Huh, Joonsuk},
  title        = {Estimation of Singlet-Triplet Gaps in Benzene Using Quantum Krylov Subspace Algorithm},
  howpublished = {Talk presented at the Optics and Photonics Conference (OPC) 2022},
  year         = {2022},
  month        = {Jul},
  note         = {Oral presentation, Jeju, South Korea}
}

@misc{QTML2022,
  author       = {Lee, Gwonhak and Chung, You Kyoung and Huh, Joonsuk},
  title        = {A Chemistry Application of Quantum Krylov Subspace Diagonalization and Mitigation of the Finite Sampling Noise},
  howpublished = {Talk presented at the Quantum Techniques in Machine Learning (QTML) 2022 Conference},
  year         = {2022},
  month        = {Nov},
  note         = {Poster presentation, Naples, Italy}
}

@misc{SCP2023,
  author       = {Lee, Gwonhak and Choi, Seonghoon and Izmaylov and Izmaylov, Artur F.},
  title        = {Reduction of Sampling Error in Quantum Krylov Subspace Diagonalization},
  howpublished = {Talk presented at the Symposium on Chemical Physics (SCP) 2023},
  year         = {2023},
  month        = {Nov},
  note         = {Poster presentation, Waterloo, Ontario, Canada}
}

@misc{OSK2024,
  author       = {Lee, Gwonhak and Choi, Seonghoon and Izmaylov, Artur F. and Huh, Joonsuk},
  title        = {Reduction of Sampling Error in Quantum Krylov Subspace Diagonalization},
  howpublished = {Talk presented at the Optical Society of Korea (OSK) 2024 Conference},
  year         = {2024},
  month        = {Feb},
  note         = {Oral presentation, Suwon, Korea}
}

@misc{QISK2024,
  author       = {Lee, Gwonhak and Choi, Seonghoon and Izmaylov, Artur F. and Huh, Joonsuk},
  title        = {Reduction of Sampling Error in Quantum Krylov Subspace Diagonalization},
  howpublished = {Talk presented at the Quantum Information Society of Korea (QISK) 2024 Conference},
  year         = {2024},
  month        = {Apr},
  note         = {Poster presentation, Busan, Korea}
}

@misc{QTML2024,
  author       = {Lee, Gwonhak and Choi, Seonghoon and Izmaylov, Artur F. and Huh, Joonsuk},
  title        = {Reduction of Sampling Error in Quantum Krylov Subspace Diagonalization},
  howpublished = {Talk presented at the Quantum Techniques in Machine Learning (QTML) 2022 Conference},
  year         = {2024},
  month        = {Nov},
  note         = {Poster presentation, Melbourne, Australia}
}

@misc{QISK2025,
  author       = {Lee, Gwonhak and Hong, Jungsoo and Kang, Minhyeok and Fomichev, Stepan and Huh, Joonsuk},
  title        = {Efficient Initial State Preparation through Filter Functions},
  howpublished = {Talk presented at the Quantum Information Society of Korea (QISK) 2025 Conference},
  year         = {2025},
  month        = {Feb},
  note         = {Oral presentation, Busan, Korea. \textbf{Received Best Presentation Award}}
}
