@article{RADAR,
author = {Lee, Yong-Seok AND Lee, Gwon-Hak AND Kim, Jun-Seong AND Park, Jae-Hyun AND Kim, Byung-Sung AND Song, Reem},
journal = {The Journal of Korean Institute of Electromagnetic Engineering and Science},
publisher = {The Korean Institute of Electromagnetic Engineering and Science},
title = {W-Band Radar Altimeter for Drones},
year = {2019},
volume = {30},
number = {4},
url = {https://doi.org/10.5515/KJKIEES.2019.30.4.314},
pages = {314-319},
doi = {10.5515/KJKIEES.2019.30.4.314}
}


@Article{D3CP05570A,
author ={Kim, Kyungmin and Lim, Sumin and Shin, Kyujin and Lee, Gwonhak and Jung, Yousung and Kyoung, Woomin and Rhee, June-Koo Kevin and Rhee, Young Min},
title  ={Variational quantum eigensolver for closed-shell molecules with non-bosonic corrections},
journal  ={Phys. Chem. Chem. Phys.},
year  ="2024",
month = feb,
volume  ="26",
issue  ="10",
pages  ="8390-8396",
publisher  ="The Royal Society of Chemistry",
doi  ="10.1039/D3CP05570A",
url  ="http://dx.doi.org/10.1039/D3CP05570A"}

@article{Lee2024samplingerror,
  doi = {10.22331/q-2024-09-19-1477},
  url = {https://doi.org/10.22331/q-2024-09-19-1477},
  title = {Sampling {E}rror {A}nalysis in {Q}uantum {K}rylov {S}ubspace {D}iagonalization},
  author = {Lee, Gwonhak and Lee, Dongkeun and Huh, Joonsuk},
  journal = {{Quantum}},
  issn = {2521-327X},
  publisher = {{Verein zur F{\"{o}}rderung des Open Access Publizierens in den Quantenwissenschaften}},
  volume = {8},
  pages = {1477},
  month = sep,
  year = {2024}
}

@Article{Efficient2025,
author ="Lee, Gwonhak and Choi, Seonghoon and Huh, Joonsuk and Izmaylov, Artur F.",
title  ="Efficient strategies for reducing sampling error in quantum Krylov subspace diagonalization",
journal  ="Digital Discovery",
year  ="2025",
month=oct,
volume  ="4",
issue  ="4",
pages  ="954-969",
publisher  ="RSC",
doi  ="10.1039/D4DD00321G",
url  ="http://dx.doi.org/10.1039/D4DD00321G"}

@unpublished{FilterState2025,
  author       = {Lee, Gwonhak and Hong, Jungsoo and Kang, Minhyeok and Fomichev, Stepan and Huh, Joonsuk},
  title        = {Efficient Initial State Preparation through Filter Functions},
  note         = {Manuscript in preparation},
  year         = {2025}
}

@unpublished{MATFUNC2025,
  author       = {Lee, Gwonhak and Kang, Minhyeok and Huh, Joonsuk},
  title        = {Quantum Circuit Representation of Matrix Functions: Permanent, Hafnian and Loop-hafnian},
  note         = {Manuscript in preparation},
  year         = {2025}
}
