

@patent{bosonicapprox,
  author       = {Kyoung, Woomin and Rhee, Young Min and Jung, Yousung and Lee, Gwonhak and Kim, Kyungmin and Rhee, June-Koo Kevin and Lim, Sumin},
  title        = {Quantum computer and quantum state simulation method using same},
  number       = {US20230141618A1},
  year         = {2023},
  month        = may,
  assignee     = {Hyundai Motor Co and Korea Advanced Institute of Science and Technology KAIST and Kia Corp},
  type         = {Patent},
  location     = {United States}
}

@patent{moment,
  author = {Park, Kyeongan and Lee, Gwonhak and Huh, Joonsuk},
  title = {Apparatus and Method for Moment-Based Probability Density Function Estimation},
  number = {10-2025-0079604},
  year = {2025},
  month = june,
  assignee = {Yonsei University Office of Research Affairs/University Industry Foundation and SungKyunKwan University Research \& Business Foundation},
  type = {Patent},
  location = {Republic of Korea}
}

@patent{hadamard,
  author = {Lee, Gwonhak and Huh, Joonsuk},
  title = {Apparatus and Method for Autocorrelation Function Estimation in Early Fault-Tolerant Quantum Computing},
  number = {10-2025-0108356},
  year = {2025},
  month = august,
  assignee = {Yonsei University Office of Research Affairs/University Industry Foundation and SungKyunKwan University Research \& Business Foundation},
  type = {Patent},
  location = {Republic of Korea}
}