@misc{KICS2021Tutorial,
  author       = {Gwonhak Lee},
  title        = {Tutorial on IBM Qiskit},
  howpublished = {Tutorial presented at the 6th Summer School on Quantum Communication and Computing, organized by the Korean Institute of Communications and Information Sciences (KICS)},
  year         = {2021},
  month        = {Aug},
  note         = {Online event. Tutorial materials available at \url{https://github.com/snow0369/qiskit_tutorial_2021_summerschool}}
}

@misc{QJM2023,
  author       = {Gwonhak Lee},
  title        = {Measurement Problem in Quantum Subspace Diagonalization},
  howpublished = {Seminar presented at a monthly quantum joint meeting in University of Toronto},
  year         = {2023},
  month        = {Oct},
}

@misc{KIAS2024,
  author       = {Gwonhak Lee},
  title        = {Early Fault-Tolerant Quantum Algorithms and Quantum Krylov Subspace Diagonalization},
  howpublished = {Talk presented at Quantum Information Workshop, organized by the Korea Institute for Advanced Study},
  year         = {2024},
  month        = {Sep},
  note         = {Seoul, Korea}
}
